@misc{clark1,
 author = {Jeff Clark},
 title = "Twitter StreamGraphs",
 url = {http://www.neoformix.com/Projects/TwitterStreamGraphs/},
 howpublished = {\url{http://www.neoformix.com/Projects/TwitterStreamGraphs/view.php}}
}

@misc{clark2,
 author = {Jeff Clark},
 title = "Twitter tweetSpectrum",
 url = {http://www.neoformix.com/Projects/TwitterSpectrum/},
 howpublished = {\url{http://www.neoformix.com/Projects/TwitterSpectrum/TwitterSpectrum.html}}
}

@misc{clark3,
 author = {Jeff Clark},
 title = "Twitter TwitArcs",
 url = {http://www.neoformix.com/Projects/TwitArcs/},
 howpublished = {\url{http://www.neoformix.com/Projects/TwitArcs/TwitArcs.html}}
}

@misc{sentiment,
 author = {Chiocci, Eleonora and Biancalana, Claudio},
 title = "Twitter sentiment analysis using machine learning techniques",
 year = {2011},
 url = {https://code.google.com/p/twitter-sentiment-analysis/},
 howpublished = {\url{https://code.google.com/p/twitter-sentiment-analysis/}}
}

@misc{pos,
 author = {Helmut Schmid},
 title = "TreeTagger - a language independent part-of-speech tagger",
 url = {http://www.ims.uni-stuttgart.de/projekte/corplex/TreeTagger/},
 howpublished = {\url{http://www.ims.uni-stuttgart.de/projekte/corplex/TreeTagger/}}
}


@InProceedings{baccianella,
  author = {Stefano Baccianella and Andrea Esuli and Fabrizio Sebastiani},
  title = {SentiWordNet 3.0: An Enhanced Lexical Resource for Sentiment Analysis and Opinion Mining},
  booktitle = {Proceedings of the Seventh International Conference on Language Resources and Evaluation (LREC'10)},
  year = {2010},
  month = {may},
  date = {19-21},
  address = {Valletta, Malta},
  publisher = {European Language Resources Association (ELRA)},
  isbn = {2-9517408-6-7},
  language = {english}
}

@inproceedings{huston,
  author    = {Cate Huston and
               Michael Weiss and
               Morad Benyoucef},
  title     = {Following the Conversation: A More Meaningful Expression
               of Engagement},
  booktitle = {MCETECH},
  year      = {2011},
  pages     = {199-210},
  ee        = {http://dx.doi.org/10.1007/978-3-642-20862-1_14},
  crossref  = {DBLP:conf/mcetech/2011},
  bibsource = {DBLP, http://dblp.uni-trier.de}
}

@proceedings{DBLP:conf/mcetech/2011,
  editor    = {Gilbert Babin and
               Katarina Stanoevska-Slabeva and
               Peter Kropf},
  title     = {E-Technologies: Transformation in a Connected World - 5th
               International Conference, MCETECH 2011, Les Diablerets,
               Switzerland, January 23-26, 2011, Revised Selected Papers},
  booktitle = {MCETECH},
  publisher = {Springer},
  series    = {Lecture Notes in Business Information Processing},
  volume    = {78},
  year      = {2011},
  isbn      = {978-3-642-20861-4},
  ee        = {http://dx.doi.org/10.1007/978-3-642-20862-1},
  bibsource = {DBLP, http://dblp.uni-trier.de}
}

@article{tromp,
author = {Erik Tromp},
title = {Multilingual Sentiment Analysis on Social Media},
year = {2011},
address = {Eindhoven University of Technology},
}


@article {Kin,
	title = {ReadMe: Software for Automated Content Analysis},
	year = {2010},
	abstract = {This program will read and analyze a large set of text documents and report on the proportion of documents in each of a set of given categories. },
	url = {http://gking.harvard.edu/readme},
	author = {Gary King and Matthew Knowles and Steven Melendez}
}
